@online{lshortcn,
  author     = {Tobias Oetiker and Hubert Partl and Irene Hyna and Elisabeth Schlegl},
  translator = {\CTeX\ 开发小组},
  title      = {一份 (不太) 简短的 \LaTeXe\ 介绍},
  edition    = {6.03},
  year       = {2021}
}