@online{WangRan,
  author     = {王然},
  title      = {一份简短的关于 \LaTeX\ 安装的介绍},
  year       = {2023 年 1 月}
}
@online{lshortcn,
  author     = {Tobias Oetiker and Hubert Partl and Irene Hyna and Elisabeth Schlegl},
  translator = {\CTeX\ 开发小组},
  title      = {一份 (不太) 简短的 \LaTeXe\ 介绍},
  edition    = {6.03},
  year       = {2021}
}
@book{LiuHaiyang,
  author    = {刘海洋},
  publisher = {电子工业出版社},
  title     = {\LaTeX\ 入门},
  year      = {2013}
}
@book{HuWei,
  author    = {胡伟},
  publisher = {清华大学出版社},
  title     = {\LaTeXe\ 完全学习手册},
  year      = {2017}
}
@online{HuZhenzhen,
  author    = {胡振震},
  title     = {符合 GB/T 7714-2015 标准的 biblatex 参考文献样式},
  year      = {2016 年 7 月},
  page      = {5}
}
@online{ZengXiangdong,
  author    = {曾祥东},
  title     = {fduthesis: 复旦大学论文模板},
  year      = {2022 年 9 月},
  edition   = {0.8}
}
@online{ThuThesis,
  author    = {清华大学TUNA协会},
  title     = {\textsc{ThuThesis}: 清华大学学位论文模板},
  year      = {2022 年 10 月},
  edition   = {7.3.1}
}
@online{ZpLee,
  author    = {李泽平},
  title     = {GB/T 7714 \textsc{Bib}\kern-0.08em\TeX\ style},
  year      = {2022 年 10 月},
  edition   = {2.1.5}
}
@book{TeXbook,
  author    = {DONALD E. KNUTH},
  publisher = {Boston: Addison–Wesley Publishing Company},
  title     = {The {T\kern -.1667em\lower .5ex\hbox {E}\kern -.125emX}book: Computers  Typesetting, volume A},
  year      = {1986}
}